<?xml version="1.0" encoding="utf-8"?>
<record xmlns="http://www.loc.gov/MARC21/slim" xmlns:xsi="http://www.w3.org/2001/XMLSchema-instance" xsi:schemaLocation="http://www.loc.gov/MARC21/slim http://www.loc.gov/standards/marcxml/schema/MARC21slim.xsd">
	<leader>     nam a22     Mi 4500</leader>
	<controlfield tag="001">3203064</controlfield>
	<controlfield tag="003">NjP</controlfield>
	<controlfield tag="006">m        d        </controlfield>
	<controlfield tag="007">cr cn |||m|||a</controlfield>
	<controlfield tag="008">210331m19131922ua      ode   000 0 ara d</controlfield>
	<datafield ind1=" " ind2=" " tag="040">
		<subfield code="a">ZYU</subfield>
		<subfield code="b">ara</subfield>
		<subfield code="e">rda</subfield>
		<subfield code="c">ZYU</subfield>
	</datafield>
	<datafield ind1="1" ind2=" " tag="100">
		<subfield code="6">880-01</subfield>
		<subfield code="a">Qalqashandī, Aḥmad ibn ʻAlī,</subfield>
		<subfield code="d">1355 or 1356-1418.</subfield>
	</datafield>
	<datafield ind1="1" ind2="0" tag="240">
		<subfield code="6">880-02</subfield>
		<subfield code="a">Ṣubḥ al-aʻshá</subfield>
	</datafield>
	<datafield ind1="1" ind2="0" tag="245">
		<subfield code="6">880-03</subfield>
		<subfield code="a">Kitāb Ṣubḥ al-aʻshá /</subfield>
		<subfield code="c">taʼlīf Abī al-ʻAbbās Aḥmad ibn ʻAlī al-Qālqashandī.</subfield>
	</datafield>
	<datafield ind1=" " ind2=" " tag="260">
		<subfield code="6">880-04</subfield>
		<subfield code="a">al-Qāhirah :</subfield>
		<subfield code="b">Dār al-Kutub al-Khudaywīyah,</subfield>
		<subfield code="c">1331-1340 [1913-1922]</subfield>
	</datafield>
	<datafield ind1=" " ind2=" " tag="300">
		<subfield code="a">online resource (14 volumes)</subfield>
	</datafield>
	<datafield ind1=" " ind2=" " tag="336">
		<subfield code="a">text</subfield>
		<subfield code="2">rdacontent</subfield>
	</datafield>
	<datafield ind1=" " ind2=" " tag="337">
		<subfield code="a">computer</subfield>
		<subfield code="2">rdamedia</subfield>
	</datafield>
	<datafield ind1=" " ind2=" " tag="338">
		<subfield code="a">online resource</subfield>
		<subfield code="2">rdacarrier</subfield>
	</datafield>
	<datafield ind1=" " ind2=" " tag="500">
		<subfield code="a">Vols. 2-14; ṭubiʻa bi-al-Maṭbaʻah al-Amīrīyah bi-al-Qāhirah.</subfield>
	</datafield>
	<datafield ind1=" " ind2=" " tag="500">
		<subfield code="a">Vol. 1; published in 1922.</subfield>
	</datafield>
	<datafield ind1=" " ind2=" " tag="500">
		<subfield code="a">Part of the Arabic Collections Online (ACO) project, contributed by Princeton University Libraries.</subfield>
	</datafield>
	<datafield ind1=" " ind2=" " tag="533">
		<subfield code="a">Electronic reproduction.</subfield>
		<subfield code="b">New York, N.Y. :</subfield>
		<subfield code="c">New York University,</subfield>
		<subfield code="d">2021.</subfield>
		<subfield code="5">NNU</subfield>
	</datafield>
	<datafield ind1=" " ind2="0" tag="650">
		<subfield code="a">Encyclopedias and dictionaries, Arabic</subfield>
		<subfield code="v">Early works to 1600.</subfield>
	</datafield>
	<datafield ind1=" " ind2="7" tag="650">
		<subfield code="a">Encyclopedias and dictionaries, Arabic.</subfield>
		<subfield code="2">fast</subfield>
		<subfield code="0">(OCoLC)fst00909551</subfield>
	</datafield>
	<datafield ind1=" " ind2="7" tag="655">
		<subfield code="a">Early works.</subfield>
		<subfield code="2">fast</subfield>
		<subfield code="0">(OCoLC)fst01411636</subfield>
	</datafield>
	<datafield ind1="2" ind2=" " tag="710">
		<subfield code="a">Princeton University.</subfield>
		<subfield code="b">Library.</subfield>
	</datafield>
	<datafield ind1="0" ind2=" " tag="730">
		<subfield code="a">Arabic Collections Online.</subfield>
	</datafield>
	<datafield ind1="0" ind2=" " tag="740">
		<subfield code="6">880-05</subfield>
		<subfield code="a">Ṣubḥ al-aʻshá.</subfield>
	</datafield>
	<datafield ind1="0" ind2="8" tag="776">
		<subfield code="i">Online version:</subfield>
		<subfield code="a">Qalqashandī, Aḥmad ibn ʻAlī, 1355 or 6-1418.</subfield>
		<subfield code="s">Ṣubḥ al-aʻshá.</subfield>
		<subfield code="t">Kitāb Ṣubḥ al-aʻshá.</subfield>
		<subfield code="d">al-Qāhirah : Dār al-Kutub al-Khudaywīyah, 1331-1340 [1913-1922]</subfield>
		<subfield code="w">(OCoLC)656705461</subfield>
	</datafield>
	<datafield ind1="0" ind2="8" tag="776">
		<subfield code="i">Print version:</subfield>
		<subfield code="a">Qalqashandī, Aḥmad ibn ʻAlī, 1355 or 1356-1418.</subfield>
		<subfield code="t">Kitāb Ṣubḥ al-aʻshá</subfield>
		<subfield code="w">(NjP)3203064</subfield>
		<subfield code="w">(OCoLC)123312527</subfield>
	</datafield>
	<datafield ind1="4" ind2="0" tag="856">
		<subfield code="u">http://hdl.handle.net/2333.1/f7m0cs5n</subfield>
	</datafield>
	<datafield ind1="1" ind2=" " tag="880">
		<subfield code="6">100-01</subfield>
		<subfield code="a">قلقشندى، احمد بن على،</subfield>
		<subfield code="d">1355 or 1356-1418.</subfield>
	</datafield>
	<datafield ind1="1" ind2="0" tag="880">
		<subfield code="6">240-02</subfield>
		<subfield code="a">صبح الأعشى</subfield>
	</datafield>
	<datafield ind1="1" ind2="0" tag="880">
		<subfield code="6">245-03</subfield>
		<subfield code="a">كتاب صبح الأعشى /</subfield>
		<subfield code="c">تأليف أبي العباس أحمد القلقشندي.</subfield>
	</datafield>
	<datafield ind1=" " ind2=" " tag="880">
		<subfield code="6">260-04</subfield>
		<subfield code="a">القاهرة :</subfield>
		<subfield code="b">دار الكتب الخديوية،</subfield>
		<subfield code="c">1331-1340 [1913-1922]</subfield>
	</datafield>
	<datafield ind1="0" ind2=" " tag="880">
		<subfield code="6">740-05</subfield>
		<subfield code="a">صبح الاعشى.</subfield>
	</datafield>
	<datafield ind1=" " ind2=" " tag="959">
		<subfield code="a">NNU</subfield>
		<subfield code="b">WEB</subfield>
		<subfield code="c">GENI</subfield>
		<subfield code="t">0</subfield>
		<subfield code="m">Electronic access</subfield>
		<subfield code="s">01</subfield>
	</datafield>
	<datafield ind1=" " ind2=" " tag="999">
		<subfield code="i">NjP_3203064</subfield>
		<subfield code="o">(OCoLC)ocn123312527</subfield>
		<subfield code="s">princeton_aco004338:juz 13</subfield>
		<subfield code="s">princeton_aco004644:juz 1</subfield>
		<subfield code="s">princeton_aco004656:juz 2</subfield>
		<subfield code="s">princeton_aco004581:juz 3</subfield>
		<subfield code="s">princeton_aco004654:juz 5</subfield>
		<subfield code="s">princeton_aco004448:Index</subfield>
		<subfield code="s">princeton_aco004664:juz 6</subfield>
		<subfield code="s">princeton_aco004583:juz 7</subfield>
		<subfield code="s">princeton_aco004582:juz 9</subfield>
		<subfield code="s">princeton_aco004663:juz 8</subfield>
		<subfield code="s">princeton_aco004580:juz 11</subfield>
		<subfield code="s">princeton_aco004662:juz 10</subfield>
		<subfield code="s">princeton_aco004660:juz 12</subfield>
		<subfield code="s">princeton_aco004661:juz 14</subfield>
		<subfield code="e">(ERROR-MISC)</subfield>
		<subfield code="s">princeton_aco004338:juz 13</subfield>
		<subfield code="s">princeton_aco004644:juz 1</subfield>
		<subfield code="s">princeton_aco004656:juz 2</subfield>
		<subfield code="s">princeton_aco004581:juz 3</subfield>
		<subfield code="s">princeton_aco004654:juz 5</subfield>
		<subfield code="s">princeton_aco004448:Index</subfield>
		<subfield code="s">princeton_aco004664:juz 6</subfield>
		<subfield code="s">princeton_aco004583:juz 7</subfield>
		<subfield code="s">princeton_aco004582:juz 9</subfield>
		<subfield code="s">princeton_aco004663:juz 8</subfield>
		<subfield code="s">princeton_aco004580:juz 11</subfield>
		<subfield code="s">princeton_aco004662:juz 10</subfield>
		<subfield code="s">princeton_aco004660:juz 12</subfield>
		<subfield code="s">princeton_aco004661:juz 14</subfield>
	</datafield>
</record>
